<record><leader>00000cas a22000007a 4500</leader><controlfield tag="001">17019258</controlfield><controlfield tag="008">871124d19131918aluwr ne      0    0eng d</controlfield><datafield ind1=" " ind2=" " tag="010"><subfield code="a">sn 87050379 </subfield></datafield><datafield ind1=" " ind2=" " tag="040"><subfield code="a">AAR</subfield><subfield code="b">eng</subfield><subfield code="c">AAR</subfield><subfield code="d">CPN</subfield><subfield code="d">OCLCQ</subfield></datafield><datafield ind1=" " ind2=" " tag="042"><subfield code="a">msc</subfield></datafield><datafield ind1="0" ind2=" " tag="130"><subfield code="a">Pickens County herald (Reform, Ala.)</subfield></datafield><datafield ind1="1" ind2="0" tag="245"><subfield code="a">Pickens County herald.</subfield></datafield><datafield ind1=" " ind2=" " tag="260"><subfield code="a">Reform, Ala. :</subfield><subfield code="b">Ben I. Rapport,</subfield><subfield code="c">1913-1918.</subfield></datafield><datafield ind1=" " ind2=" " tag="300"><subfield code="a">v.</subfield></datafield><datafield ind1=" " ind2=" " tag="310"><subfield code="a">Weekly,</subfield><subfield code="b">&lt;Jan. 8, 1915-Mar. 1, 1918&gt;</subfield></datafield><datafield ind1=" " ind2=" " tag="321"><subfield code="a">Weekly,</subfield><subfield code="b">&lt;Jan. 3, 1913-May 22, 1914&gt;</subfield></datafield><datafield ind1=" " ind2=" " tag="321"><subfield code="a">Semiweekly,</subfield><subfield code="b">&lt;May 26, 1914-Jan. 1, 1915&gt;</subfield></datafield><datafield ind1="0" ind2=" " tag="362"><subfield code="a">Vol. 1, no. 1 (Jan. 3, 1913)-v. 6, no. 9 (Mar. 1, 1918).</subfield></datafield><datafield ind1=" " ind2=" " tag="500"><subfield code="a">Published in Carrollton, Ala., Feb. 6, 1914-Mar. 1, 1918.</subfield></datafield><datafield ind1=" " ind2=" " tag="515"><subfield code="a">Numbering is irregular.</subfield></datafield><datafield ind1=" " ind2=" " tag="752"><subfield code="a">United States</subfield><subfield code="b">Alabama</subfield><subfield code="c">Pickens</subfield><subfield code="d">Reform.</subfield></datafield><datafield ind1=" " ind2=" " tag="752"><subfield code="a">United States</subfield><subfield code="b">Alabama</subfield><subfield code="c">Pickens</subfield><subfield code="d">Carrollton.</subfield></datafield><datafield ind1="0" ind2="7" tag="785"><subfield code="t">West Alabamian (Carrollton, Ala.)</subfield><subfield code="w">(DLC)sn 87050378</subfield></datafield><datafield ind1="0" ind2="7" tag="785"><subfield code="t">Pickens County herald and west Alabamian</subfield><subfield code="w">(DLC)sn 83008141</subfield></datafield></record>